% Encoding: UTF-8

@article{ambro,
  title={Shokurov's boundary property},
  author={Ambro, Florin},
  journal={Journal of Differential Geometry},
  volume={67},
  number={2},
  pages={229--255},
  year={2004},
  publisher={Lehigh University}
}

@article{ambro1999adjunction,
  title={The Adjunction Conjecture and its applications},
  author={Ambro, Florin},
  journal={arXiv preprint math/9903060},
  year={1999}
}

@article {Sho92,
    AUTHOR = {Shokurov, V. V.},
     TITLE = {Three-dimensional log perestroikas},
   JOURNAL = {Izv. Ross. Akad. Nauk Ser. Mat.},
FJOURNA={Izv. Ross. Akad. Nauk Ser. Mat.},
    VOLUME = {56},
      YEAR = {1992},
    NUMBER = {1},
     PAGES = {105–203},
}


@incollection {Kaw99,
    AUTHOR = {Kawamata, Yujiro},
     TITLE = {On the extension problem of pluricanonical forms},
 BOOKTITLE = {Algebraic geometry: {H}irzebruch 70 ({W}arsaw, 1998)},
    SERIES = {Contemp. Math.},
    VOLUME = {241},
     PAGES = {193--207},
 PUBLISHER = {Amer. Math. Soc., Providence, RI},
      YEAR = {1999},
}

@article {XZ19,
    AUTHOR = {Xu, Chenyang and Zhang, Lei},
     TITLE = {Nonvanishing for 3-folds in characteristic {$p>5$}},
   JOURNAL = {Duke Math. J.},
  FJOURNAL = {Duke Mathematical Journal},
    VOLUME = {168},
      YEAR = {2019},
    NUMBER = {7},
     PAGES = {1269--1301},
      ISSN = {0012-7094},
}

@article {DW19,
    AUTHOR = {Das, Omprokash and Waldron, Joe},
     TITLE = {On the abundance problem for 3-folds in characteristic
              {$p>5$}},
   JOURNAL = {Math. Z.},
  FJOURNAL = {Mathematische Zeitschrift},
    VOLUME = {292},
      YEAR = {2019},
    NUMBER = {3-4},
     PAGES = {937--946},
}


@book {kk-singbook,
    AUTHOR = {Koll\'{a}r, J\'{a}nos},
     TITLE = {Singularities of the minimal model program},
    SERIES = {Cambridge Tracts in Mathematics},
    VOLUME = {200},
      NOTE = {With a collaboration of S\'{a}ndor Kov\'{a}cs},
 PUBLISHER = {Cambridge University Press, Cambridge},
      YEAR = {2013},
     PAGES = {x+370},
      ISBN = {978-1-107-03534-8},
}


@article {HMX18,
    AUTHOR = {Hacon, Christopher D. and McKernan, James and Xu, Chenyang},
     TITLE = {Boundedness of moduli of varieties of general type},
   JOURNAL = {J. Eur. Math. Soc. (JEMS)},
  FJOURNAL = {Journal of the European Mathematical Society (JEMS)},
    VOLUME = {20},
      YEAR = {2018},
    NUMBER = {4},
     PAGES = {865--901},
      ISSN = {1435-9855},
   MRCLASS = {14J10 (14E30)},
}

@Article{LS21,
  author     = {Bruno Laurent and Stefan Schroer},
  title      = {Para-abelian varieties and {A}lbanese maps},
  journal = {arXiv e-prints},
     keywords = {Mathematics - Algebraic Geometry},
         year = 2021,
          eid = {arXiv:2101.10829},
        pages = {arXiv:2101.10829},
archivePrefix = {arXiv},
       eprint = {2101.10829},
}

@book {Sha66,
    AUTHOR = {Shafarevich, I. R.},
     TITLE = {Lectures on minimal models and birational transformations of
              two dimensional schemes},
    SERIES = {Tata Institute of Fundamental Research Lectures on Mathematics
              and Physics, No. 37},
 PUBLISHER = {Tata Institute of Fundamental Research, Bombay},
      YEAR = {1966},
     PAGES = {iv+175},
}

@article{terakawa1999d,
  title={The d-very ampleness on a projective surface in positive characteristic},
  author={Terakawa, Hiroyuki},
  journal={Pacific journal of mathematics},
  volume={187},
  number={1},
  pages={187--199},
  year={1999},
  publisher={Mathematical Sciences Publishers}
}

@article{Bri20,
      title={Invariance of plurigenera fails in positive and mixed characteristic}, 
      author={Iacopo Brivio},
	         year = 2020,
  journal = {arXiv e-prints},
note =  "Available at \href{https://arxiv.org/abs/2011.10226}{arXiv:2011.10226}",
}

@article{witaszek2017canonical,
      title={On the canonical bundle formula and log abundance in positive characteristic}, 
      author={Jakub Witaszek},
  journal = {arXiv e-prints},
      year={2018},
note =  "Available at \href{https://arxiv.org/abs/1711.04380}{arXiv:1711.04380}",
}


@article{bhatt2020cohenmacaulayness,
      title={Cohen-{M}acaulayness of absolute integral closures}, 
      author={Bhargav Bhatt},
	         year = 2020,
  journal = {arXiv e-prints},
note =  "Available at \href{https://arxiv.org/abs/2008.08070}{arXiv:2008.08070}",
}

@article{takamatsu2021minimal,
      title={Minimal model program for semi-stable threefolds in mixed characteristic}, 
      author={Teppei Takamatsu and Shou Yoshikawa},
      year={2021},
  journal = {arXiv e-prints},
note =  "Available at \href{https://arxiv.org/abs/2012.07324}{arXiv:2012.07324}",
}

@article{cutkosky2009resolution,
  title={Resolution of singularities for 3-folds in positive characteristic},
  author={Cutkosky, Steven Dale},
  journal={American journal of mathematics},
  pages={59--127},
  year={2009},
  publisher={JSTOR}
}

@article{kollar1997quotient,
  title={Quotient spaces modulo algebraic groups},
  author={Koll{\'a}r, J{\'a}nos},
  journal={Annals of mathematics},
  pages={33--79},
  year={1997},
  publisher={JSTOR}
}


@article{witaszek2020keels,
      title={Keel's base point free theorem and quotients in mixed characteristic}, 
      author={Jakub Witaszek},
      year={2020},
journal = {arXiv e-prints},
note =  "Available at \href{https://arxiv.org/abs/2106.06088}{arXiv:2106.06088}",
}


@Article{BK20,
  author     = {Bernasconi, Fabio and Koll\'{a}r, J\'{a}nos},
  title      = {Vanishing theorems for threefolds in characteristic $p>5$},
  journal = {arXiv e-prints},
     keywords = {Mathematics - Algebraic Geometry},
         year = 2020,
note =  "Available at \href{https://arxiv.org/abs/2012.08343}{arXiv:2012.08343}",
}

@article{S20,
  title={On the Boundedness of Globally {$F$}-split varieties},
  author={Stigant, Liam},
  journal = {arXiv e-prints},
note =  "Available at \href{https://arxiv.org/abs/2008.08123}{arXiv:2008.08123}",
  year={2020},
}

@article{Wit,
      title={On the canonical bundle formula and log abundance in positive characteristic}, 
      author={Jakub Witaszek},
  journal = {arXiv e-prints},
      year={2018},
          eid = {arXiv:1711.04380},
        pages = {arXiv:1711.04380},
      archivePrefix={arXiv},
      eprint={1711.04380},
}

@article{Bir2,
      title={Log {C}alabi-{Y}au fibrations}, 
      author={Caucher Birkar},
  journal = {arXiv e-prints},
      year={2018},
          eid = {arXiv:1811.10709},
        pages = {arXiv:1811.10709},
      archivePrefix={arXiv},
      eprint={1811.10709},
}

@article {NT20,
    AUTHOR = {Nakamura, Yusuke and Tanaka, Hiromu},
     TITLE = {A {W}itt {N}adel vanishing theorem for threefolds},
   JOURNAL = {Compos. Math.},
  FJOURNAL = {Compositio Mathematica},
    VOLUME = {156},
      YEAR = {2020},
    NUMBER = {3},
     PAGES = {435--475},      
}

@article {HW19,
    AUTHOR = {Hacon, Christopher D. and Witaszek, Jakub},
     TITLE = {{On the rationality of {K}awamata log terminal singularities in
              positive characteristic}},
   JOURNAL = {Algebr. Geom.},
  FJOURNAL = {Algebraic Geometry},
    VOLUME = {6},
      YEAR = {2019},
    NUMBER = {5},
     PAGES = {516--529},
      ISSN = {2313-1691},
}


@ARTICLE{HW195,
       author = {Hacon, Christopher D. and Witaszek, Jakub},
        title = "{The Minimal Model Program for threefolds in characteristic five}",
      journal = {arXiv e-prints},
     keywords = {Mathematics - Algebraic Geometry, 14E30, 14J17, 13A35},
         year = 2019,
        month = nov,
          eid = {arXiv:1911.12895},
        pages = {arXiv:1911.12895},
archivePrefix = {arXiv},
       eprint = {1911.12895},
}



@article {Ber19,
    AUTHOR = {{Bernasconi}, Fabio},
     TITLE = {Non-normal purely log terminal centres in characteristic
              {$p \geq 3$}},
   JOURNAL = {Eur. J. Math.},
  FJOURNAL = {European Journal of Mathematics},
    VOLUME = {5},
      YEAR = {2019},
    NUMBER = {4},
     PAGES = {1242--1251},
      ISSN = {2199-675X},
   MRCLASS = {14E30 (14J17)},
       DOI = {10.1007/s40879-018-00310-7},
       URL = {https://doi.org/10.1007/s40879-018-00310-7},
}


@Article{Ber19b,
  author        = {{Bernasconi}, Fabio},
  title         = {{On the base point free theorem for klt threefolds in large characteristic}},
year={2019},
	archivePrefix = {arXiv},
      eprint = {arXiv:1907.10396v2},
note={To appear in Ann. Sc. Norm. Super. Pisa Cl. Sci.}
}

@ARTICLE{BT19,
       author = {{Bernasconi}, Fabio and {Tanaka}, Hiromu},
        title = "{On del Pezzo fibrations in positive characteristic}",
      journal = {arXiv e-prints},
     keywords = {Mathematics - Algebraic Geometry},
         year = 2019,
        month = mar,
          eid = {arXiv:1903.10116},
        pages = {arXiv:1903.10116},
archivePrefix = {arXiv},
       eprint = {1903.10116},
note={To appear in J. Inst. Math. Jussieu.}
}

@book {k-rat-curves,
    AUTHOR = {Koll\'{a}r, J\'{a}nos},
     TITLE = {Rational curves on algebraic varieties},
    SERIES = {Ergebnisse der Mathematik und ihrer Grenzgebiete. 3. Folge. A
              Series of Modern Surveys in Mathematics},
    VOLUME = {32},
 PUBLISHER = {Springer-Verlag, Berlin},
      YEAR = {1996},
     PAGES = {viii+320},
}


@Article{BCHM10,
  author   = {Birkar, Caucher and Cascini, Paolo and Hacon, Christopher D. and McKernan, James},
  title    = {Existence of minimal models for varieties of log general type},
  journal  = {J. Amer. Math. Soc.},
  year     = {2010},
  volume   = {23},
  number   = {2},
  pages    = {405--468},
  doi      = {10.1090/S0894-0347-09-00649-3},
  file     = {:BCHM10 - Existence of minimal models for varieties of log general type.pdf:PDF},
  fjournal = {Journal of the American Mathematical Society},
}

@Article{Bir16,
  author   = {Birkar, Caucher},
  title    = {Existence of flips and minimal models for 3-folds in char {$p$}},
  journal  = {Ann. Sci. \'Ec. Norm. Sup\'er. (4)},
  year     = {2016},
  volume   = {49},
  number   = {1},
  pages    = {169--212},
  fjournal = {Annales Scientifiques de l'\'Ecole Normale Sup\'erieure. Quatri\`eme S\'erie},
}

@Article{BW17,
  author   = {Birkar, Caucher and Waldron, Joe},
  title    = {Existence of {M}ori fibre spaces for 3-folds in {${\rm char}\,p$}},
  journal  = {Adv. Math.},
  year     = {2017},
  volume   = {313},
  pages    = {62--101},
  fjournal = {Advances in Mathematics},
}




@InCollection{Cor07,
  author    = {Corti, Alessio},
  title     = {3-fold flips after {S}hokurov},
  booktitle = {Flips for 3-folds and 4-folds},
  publisher = {Oxford Univ. Press, Oxford},
  year      = {2007},
  volume    = {35},
  series    = {Oxford Lecture Ser. Math. Appl.},
  pages     = {18--48},
  mrclass   = {14E30},
  mrnumber  = {2359340},
}

@article {CP19,
    AUTHOR = {Cossart, Vincent and Piltant, Olivier},
     TITLE = {Resolution of singularities of arithmetical threefolds},
   JOURNAL = {J. Algebra},
  FJOURNAL = {Journal of Algebra},
    VOLUME = {529},
      YEAR = {2019},
     PAGES = {268--535},
}

@article {DW19,
    AUTHOR = {Das, Omprokash and Waldron, Joe},
     TITLE = {On the abundance problem for 3-folds in characteristic
              {$p>5$}},
   JOURNAL = {Math. Z.},
  FJOURNAL = {Mathematische Zeitschrift},
    VOLUME = {292},
      YEAR = {2019},
    NUMBER = {3-4},
     PAGES = {937--946},
      ISSN = {0025-5874},
}


@article {GNT19,
    AUTHOR = {Gongyo, Yoshinori and Nakamura, Yusuke and Tanaka, Hiromu},
     TITLE = {Rational points on log {F}ano threefolds over a finite field},
   JOURNAL = {J. Eur. Math. Soc. (JEMS)},
  FJOURNAL = {Journal of the European Mathematical Society (JEMS)},
    VOLUME = {21},
      YEAR = {2019},
    NUMBER = {12},
     PAGES = {3759--3795},
      ISSN = {1435-9855},
}


@Article{HX15,
  author   = {Hacon, Christopher D. and Xu, Chenyang},
  title    = {On the three dimensional minimal model program in positive characteristic},
  journal  = {J. Amer. Math. Soc.},
  year     = {2015},
  volume   = {28},
  number   = {3},
  pages    = {711--744},
  fjournal = {Journal of the American Mathematical Society},
}


@book {Ha77,
    AUTHOR = {Hartshorne, Robin},
     TITLE = {Algebraic geometry},
    SERIES = {Graduate Texts in Mathematics, No. 52},
 PUBLISHER = {Springer-Verlag, New York-Heidelberg},
      YEAR = {1977},
     PAGES = {xvi+496},
      ISBN = {0-387-90244-9},
   MRCLASS = {14-01},
MRREVIEWER = {Robert Speiser},
}

@article {main-res-paper,
    AUTHOR = {Hironaka, Heisuke},
     TITLE = {Resolution of singularities of an algebraic variety over a
              field of characteristic zero. {I}, {II}},
   JOURNAL = {Ann. of Math. (2) {\bf 79} (1964), 109--203; ibid. (2)},
  FJOURNAL = {Annals of Mathematics. Second Series},
    VOLUME = {79},
      YEAR = {1964},
     PAGES = {205--326},
      ISSN = {0003-486X},
}


@book {k-moduli,
    AUTHOR = {Koll\'{a}r, J\'{a}nos},
     TITLE = {Families of varieties of general type},
	note={book in preparation, available at https://web.math.princeton.edu/~kollar/book/modbook20170720-hyper.pdf}
}


@article {Kol11,
    AUTHOR = {Koll\'{a}r, J\'{a}nos},
     TITLE = {A local version of the {K}awamata-{V}iehweg vanishing theorem},
   JOURNAL = {Pure Appl. Math. Q.},
  FJOURNAL = {Pure and Applied Mathematics Quarterly},
    VOLUME = {7},
      YEAR = {2011},
    NUMBER = {4, Special Issue: In memory of Eckart Viehweg},
     PAGES = {1477--1494},
}

@book {KM,
    AUTHOR = {Koll\'{a}r, J\'{a}nos and Mori, Shigefumi},
     TITLE = {Birational geometry of algebraic varieties},
    SERIES = {Cambridge Tracts in Mathematics},
    VOLUME = {134},
      NOTE = {With the collaboration of C. H. Clemens and A. Corti,
              Translated from the 1998 Japanese original},
 PUBLISHER = {Cambridge University Press, Cambridge},
      YEAR = {1998},
     PAGES = {viii+254},
}

@book {Laz04,
    AUTHOR = {Lazarsfeld, Robert},
     TITLE = {Positivity in algebraic geometry. {I}},
    SERIES = {Ergebnisse der Mathematik und ihrer Grenzgebiete. 3. Folge. A
              Series of Modern Surveys in Mathematics},
    VOLUME = {48},
      NOTE = {Classical setting: line bundles and linear series},
 PUBLISHER = {Springer-Verlag, Berlin},
      YEAR = {2004},
     PAGES = {xviii+387},
   }

@article {PS14,
    AUTHOR = {Patakfalvi, Zsolt and Schwede, Karl},
     TITLE = {Depth of {$F$}-singularities and base change of relative
              canonical sheaves},
   JOURNAL = {J. Inst. Math. Jussieu},
  FJOURNAL = {Journal of the Institute of Mathematics of Jussieu. JIMJ.
              Journal de l'Institut de Math\'{e}matiques de Jussieu},
    VOLUME = {13},
      YEAR = {2014},
    NUMBER = {1},
     PAGES = {43--63},
      ISSN = {1474-7480},
}



@InCollection{HM07,
  author    = {Hacon, Christopher D. and McKernan, James},
  title     = {Extension theorems and the existence of flips},
  booktitle = {Flips for 3-folds and 4-folds},
  publisher = {Oxford Univ. Press, Oxford},
  year      = {2007},
  volume    = {35},
  series    = {Oxford Lecture Ser. Math. Appl.},
  pages     = {76--110},
}




@article {tanaka2018minimal,
    AUTHOR = {{Tanaka}, Hiromu},
     TITLE = {Minimal model program for excellent surfaces},
   JOURNAL = {Ann. Inst. Fourier (Grenoble)},
  FJOURNAL = {Universit\'{e} de Grenoble. Annales de l'Institut Fourier},
    VOLUME = {68},
      YEAR = {2018},
    NUMBER = {1},
     PAGES = {345--376},
}

@ARTICLE{Tan16,
       author = {{Tanaka}, Hiromu},
        title = "{Pathologies on Mori fibre spaces in positive characteristic}",
      journal = {arXiv e-prints},
     keywords = {Mathematics - Algebraic Geometry},
         year = 2016,
        month = sep,
          eid = {arXiv:1609.00574},
        pages = {arXiv:1609.00574},
archivePrefix = {arXiv},
       eprint = {1609.00574},
note={To appear in Ann. Sc. Norm. Super. Pisa Cl. Sci.}
}


@article{bhatt2020,
  title={Globally+-regular varieties and the minimal model program for threefolds in mixed characteristic},
  author={Bhatt, Bhargav and Ma, Linquan and Patakfalvi, Zsolt and Schwede, Karl and Tucker, Kevin and Waldron, Joe and Witaszek, Jakub},
  journal={arXiv e-prints},
  year={2020},
note =  "Available at \href{https://arxiv.org/abs/2012.15801}{arXiv:2012.15801}",
}

@incollection {BM,
    AUTHOR = {Bombieri, E. and Mumford, D.},
     TITLE = {Enriques' classification of surfaces in char. {$p$}. {II}},
 BOOKTITLE = {Complex analysis and algebraic geometry},
     PAGES = {23--42},
      YEAR = {1977},
   MRCLASS = {14J10},
  MRNUMBER = {0491719},
MRREVIEWER = {S. L. Kleiman},
}

@article {EH,
    AUTHOR = {Egbert, Andrew and Hacon, Christopher D.},
     TITLE = {Invariance of certain plurigenera for surfaces in mixed
              characteristics},
   JOURNAL = {Nagoya Math. J.},
  FJOURNAL = {Nagoya Mathematical Journal},
    VOLUME = {243},
      YEAR = {2021},
     PAGES = {1--10},
}

@article {HMX,
    AUTHOR = {Hacon, C. D. and McKernan, J. and Xu, C.},
     TITLE = {Boundedness of moduli of varieties of general type},
   JOURNAL = {J. Eur. Math. Soc. (JEMS)},
  FJOURNAL = {Journal of the European Mathematical Society (JEMS)},
    VOLUME = {20},
      YEAR = {2018},
    NUMBER = {4},
     PAGES = {865--901},
}

@article {Suh08,
    AUTHOR = {Suh, Junecue},
     TITLE = {Plurigenera of general type surfaces in mixed characteristic},
   JOURNAL = {Compos. Math.},
  FJOURNAL = {Compositio Mathematica},
    VOLUME = {144},
      YEAR = {2008},
    NUMBER = {5},
     PAGES = {1214--1226},
}

@article {KU,
    AUTHOR = {Katsura, T. and Ueno, K.},
     TITLE = {On elliptic surfaces in characteristic {$p$}},
   JOURNAL = {Math. Ann.},
  FJOURNAL = {Mathematische Annalen},
    VOLUME = {272},
      YEAR = {1985},
    NUMBER = {3},
     PAGES = {291--330},
}

@article {Suh,
    AUTHOR = {Suh, Junecue},
     TITLE = {Plurigenera of general type surfaces in mixed characteristic},
   JOURNAL = {Compos. Math.},
  FJOURNAL = {Compositio Mathematica},
    VOLUME = {144},
      YEAR = {2008},
    NUMBER = {5},
     PAGES = {1214--1226},
}

@article {HMX13,
    AUTHOR = {Hacon, Christopher D. and McKernan, James and Xu, Chenyang},
     TITLE = {On the birational automorphisms of varieties of general type},
   JOURNAL = {Ann. of Math. (2)},
  FJOURNAL = {Annals of Mathematics. Second Series},
    VOLUME = {177},
      YEAR = {2013},
    NUMBER = {3},
     PAGES = {1077--1111},
}


@article {tanaka-x-method,
    AUTHOR = {Tanaka, Hiromu},
     TITLE = {The {X}-method for klt surfaces in positive characteristic},
   JOURNAL = {J. Algebraic Geom.},
  FJOURNAL = {Journal of Algebraic Geometry},
    VOLUME = {24},
      YEAR = {2015},
    NUMBER = {4},
     PAGES = {605--628},
      ISSN = {1056-3911},
}

@article{PS09,
  title={Towards the second main theorem on complements},
  author={Prokhorov, Yuri G and Shokurov, Vyacheslav V},
  journal={Journal of Algebraic Geometry},
  volume={18},
  number={1},
  pages={151--199},
  year={2009}
}

@book {La1,
    AUTHOR = {Lazarsfeld, Robert},
     TITLE = {Positivity in algebraic geometry. {I}},
    SERIES = {Ergebnisse der Mathematik und ihrer Grenzgebiete. 3. Folge. A
              Series of Modern Surveys in Mathematics },
    VOLUME = {48},
      NOTE = {Classical setting: line bundles and linear series},
 PUBLISHER = {Springer-Verlag, Berlin},
      YEAR = {2004},
     PAGES = {xviii+387},
}

@book {FA,
     TITLE = {Flips and abundance for algebraic threefolds},
	editor={Koll\'{a}r, J\'{a}nos},
      NOTE = {Papers from the Second Summer Seminar on Algebraic Geometry
              held at the University of Utah, Salt Lake City, Utah, August
              1991,
              Ast\'{e}risque No. 211 (1992) },
 PUBLISHER = {Soci\'{e}t\'{e} Math\'{e}matique de France, Paris},
      YEAR = {1992},
     PAGES = {1--258},
      ISSN = {0303-1179},
   MRCLASS = {14E30 (14E35 14M10)},
}

@misc{stacks-project,
    shorthand    = {Stacks},
    author       = {The {Stacks Project Authors}},
    title        = {\textit{Stacks Project}},
    howpublished = {\url{https://stacks.math.columbia.edu}},
    year         = {},
  }

@article{ma2019analog,
  title={An analog of adjoint ideals and plt singularities in mixed characteristic},
  author={Ma, Linquan and Schwede, Karl and Tucker, Kevin and Waldron, Joe and Witaszek, Jakub},
  journal={arXiv e-prints},
  year={2019},
note =  "Available at \href{https://arxiv.org/abs/1910.14665}{arXiv:1910.14665}",
}

@article {das2015strongly,
    AUTHOR = {Das, Omprokash},
     TITLE = {On strongly {$F$}-regular inversion of adjunction},
   JOURNAL = {J. Algebra},
  FJOURNAL = {Journal of Algebra},
    VOLUME = {434},
      YEAR = {2015},
     PAGES = {207--226},
      ISSN = {0021-8693},
   MRCLASS = {14E05 (14C20)},
  MRNUMBER = {3342393},
MRREVIEWER = {Ana Bravo},
       DOI = {10.1016/j.jalgebra.2015.03.025},
       URL = {https://doi.org/10.1016/j.jalgebra.2015.03.025},
}
@article {cynk2009small,
    AUTHOR = {Cynk, Slawomir and van Straten, Duco},
     TITLE = {Small resolutions and non-liftable {C}alabi-{Y}au threefolds},
   JOURNAL = {Manuscripta Math.},
  FJOURNAL = {Manuscripta Mathematica},
    VOLUME = {130},
      YEAR = {2009},
    NUMBER = {2},
     PAGES = {233--249},
}

@incollection{kawamata,
  author      = "Yujiro Kawamata",
  title       = " Subadjunction of log canonical divisors for a subvariety of codimension 2",
  editor      = "Yujiro Kawamata and Vyacheslav V. Shokurov",
  booktitle   = "Birational Algebraic Geometry",
  publisher   = "Providence, RI: American Mathematical Society",
  year        = 1997,
  pages       = "79-88",
  chapter     = 6,
}

@article {fujino2012log,
    AUTHOR = {Fujino, Osamu and Tanaka, Hiromu},
     TITLE = {On log surfaces},
   JOURNAL = {Proc. Japan Acad. Ser. A Math. Sci.},
  FJOURNAL = {Japan Academy. Proceedings. Series A. Mathematical Sciences},
    VOLUME = {88},
      YEAR = {2012},
    NUMBER = {8},
     PAGES = {109--114},
}


@article {cascini2020relative,
    AUTHOR = {Cascini, Paolo and Tanaka, Hiromu},
     TITLE = {Relative semi-ampleness in positive characteristic},
   JOURNAL = {Proc. Lond. Math. Soc. (3)},
  FJOURNAL = {Proceedings of the London Mathematical Society. Third Series},
    VOLUME = {121},
      YEAR = {2020},
    NUMBER = {3},
     PAGES = {617--655},
      ISSN = {0024-6115},
}

@article {tanaka2020abundance,
    AUTHOR = {Tanaka, Hiromu},
     TITLE = {Abundance theorem for surfaces over imperfect fields},
   JOURNAL = {Math. Z.},
  FJOURNAL = {Mathematische Zeitschrift},
    VOLUME = {295},
      YEAR = {2020},
    NUMBER = {1-2},
     PAGES = {595--622},
      ISSN = {0025-5874},
}

@article {Tan14,
    AUTHOR = {Tanaka, Hiromu},
     TITLE = {Minimal models and abundance for positive characteristic log
              surfaces},
   JOURNAL = {Nagoya Math. J.},
  FJOURNAL = {Nagoya Mathematical Journal},
    VOLUME = {216},
      YEAR = {2014},
     PAGES = {1--70},
}

@article {CP19,
    AUTHOR = {Cossart, Vincent and Piltant, Olivier},
     TITLE = {Resolution of singularities of arithmetical threefolds},
   JOURNAL = {J. Algebra},
  FJOURNAL = {Journal of Algebra},
    VOLUME = {529},
      YEAR = {2019},
     PAGES = {268--535},
}

@article {asympt-baseloci,
    AUTHOR = {Ein, Lawrence and Lazarsfeld, Robert and Musta\c{t}\u{a}, Mircea and
              Nakamaye, Michael and Popa, Mihnea},
     TITLE = {Asymptotic invariants of base loci},
   JOURNAL = {Ann. Inst. Fourier (Grenoble)},
  FJOURNAL = {Universit\'{e} de Grenoble. Annales de l'Institut Fourier},
    VOLUME = {56},
      YEAR = {2006},
    NUMBER = {6},
     PAGES = {1701--1734},
}

@article {Zha20,
    AUTHOR = {Zhang, Lei},
     TITLE = {Abundance for 3-folds with non-trivial {A}lbanese maps in
              positive characteristic},
   JOURNAL = {J. Eur. Math. Soc. (JEMS)},
  FJOURNAL = {Journal of the European Mathematical Society (JEMS)},
    VOLUME = {22},
      YEAR = {2020},
    NUMBER = {9},
     PAGES = {2777--2820},
}

@book {Liu02,
    AUTHOR = {Liu, Qing},
     TITLE = {Algebraic geometry and arithmetic curves},
    SERIES = {Oxford Graduate Texts in Mathematics},
    VOLUME = {6},
 PUBLISHER = {Oxford University Press, Oxford},
      YEAR = {2002},
     PAGES = {xvi+576},
}

@article {Keel,
    AUTHOR = {Keel, Se\'{a}n},
     TITLE = {Basepoint freeness for nef and big line bundles in positive
              characteristic},
   JOURNAL = {Ann. of Math. (2)},
  FJOURNAL = {Annals of Mathematics. Second Series},
    VOLUME = {149},
      YEAR = {1999},
    NUMBER = {1},
     PAGES = {253--286},
}

@book {CJS20,
    AUTHOR = {Cossart, Vincent and Jannsen, Uwe and Saito, Shuji},
     TITLE = {Desingularization: invariants and strategy---application to
              dimension 2},
    SERIES = {Lecture Notes in Mathematics},
    VOLUME = {2270},
      NOTE = {With contributions by Bernd Schober},
 PUBLISHER = {Springer, Cham},
      YEAR = {2020},
     PAGES = {viii+256},
}

@article {FM00,
    AUTHOR = {Fujino, Osamu and Mori, Shigefumi},
     TITLE = {A canonical bundle formula},
   JOURNAL = {J. Differential Geom.},
  FJOURNAL = {Journal of Differential Geometry},
    VOLUME = {56},
      YEAR = {2000},
    NUMBER = {1},
     PAGES = {167--188},
}

@article{szabo1994divisorial,
  title={Divisorial log terminal singularities},
  author={Szab{\'o}, Endre},
  journal={Journal of mathematical sciences, the University of Tokyo},
  volume={1},
  number={3},
  pages={631--639},
  year={1994},
  publisher={東京大学}
}

@article{zdanowicz2018liftability,
  title={Liftability of Singularities and Their Frobenius Morphism Modulo},
  author={Zdanowicz, Maciej},
  journal={International Mathematics Research Notices},
  volume={2018},
  number={14},
  pages={4513--4577},
  year={2018},
  publisher={Oxford University Press}
}

@article{cascini2014augmented,
  title={The augmented base locus in positive characteristic},
  author={Cascini, Paolo and McKernan, James and Musta{\c{t}}{\v{a}}, Mircea},
  journal={Proceedings of the Edinburgh Mathematical Society},
  volume={57},
  number={1},
  pages={79--87},
  year={2014},
  publisher={Cambridge University Press}
}

@article{cascini2013base,
  title={On base point freeness in positive characteristic},
  author={Cascini, Paolo and Tanaka, Hiromu and Xu, Chenyang},
  journal={arXiv preprint arXiv:1305.3502},
  year={2013}
}



@incollection{bauer2002reduction,
  title={A reduction map for nef line bundles},
  author={Bauer, Thomas and Campana, Fr{\'e}d{\'e}ric and Eckl, Thomas and Kebekus, Stefan and Peternell, Thomas and Rams, S{\l}awomir and Szemberg, Tomasz and Wotzlaw, Lorenz},
  booktitle={Complex geometry},
  pages={27--36},
  year={2002},
  publisher={Springer}
}

@article{fujino2009fundamental,
  title={Fundamental theorems for the log minimal model program},
  author={Fujino, Osamu},
  journal={arXiv preprint arXiv:0909.4445},
  year={2009}
}

@article{jiang2018birational,
  title={On birational boundedness of Fano fibrations},
  author={Jiang, Chen},
  journal={American Journal of Mathematics},
  volume={140},
  number={5},
  pages={1253--1276},
  year={2018},
  publisher={Johns Hopkins University Press}
}

@book{beauville1996complex,
  title={Complex algebraic surfaces},
  author={Beauville, Arnaud and Arnaud, Beauville},
  year={1996},
  publisher={Cambridge University Press}
}

@inproceedings{kollar1997singularities,
  title={Singularities of pairs},
  author={Koll{\'a}r, J{\'a}nos},
  booktitle={Proceedings of Symposia in Pure Mathematics},
  volume={62},
  pages={221--288},
  year={1997},
  organization={American Mathematical Society}
}

@article{tanaka2017semiample,
  title={Semiample perturbations for log canonical varieties over an F-finite field containing an infinite perfect field},
  author={Tanaka, Hiromu},
  journal={International Journal of Mathematics},
  volume={28},
  number={05},
  pages={1750030},
  year={2017},
  publisher={World Scientific}
}

@article{das2016adjunction,
  title={On the adjunction formula for 3-folds in characteristic $p>5$},
  author={Das, Omprokash and Hacon, Christopher D},
  journal={Mathematische Zeitschrift},
  volume={284},
  number={1-2},
  pages={255--269},
  year={2016},
  publisher={Springer}
}
Young person’s guide to canonical singularities
@article{prokhorov2009towards,
  title={Towards the second main theorem on complements},
  author={Prokhorov, Yuri G and Shokurov, Vyacheslav V},
  journal={Journal of Algebraic Geometry},
  volume={18},
  number={1},
  pages={151--199},
  year={2009}
}	

@article{patakfalvi2017singularities,
  title={Singularities of general fibers and the LMMP},
  author={Patakfalvi, Zsolt and Waldron, Joe},
  journal={arXiv preprint arXiv:1708.04268},
  year={2017}
}

@article{tanaka2019boundedness,
  title={Boundedness of regular del Pezzo surfaces over imperfect fields},
  author={Tanaka, Hiromu},
  journal={arXiv preprint arXiv:1905.00143},
  year={2019}	
}

@article{patakfalvi2019ordinary,
  title={ORDINARY VARIETIES WITH TRIVIAL CANONICAL BUNDLE ARE NOT UNIRULED},
  author={Patakfalvi, Zsolt and Zdanowicz, Macie},
  year={2019}
}

@article{das2018boundedness,
  title={On the boundedness of anti-canonical volumes of singular Fano $3 $-folds in characteristic $ p> 5$},
  author={Das, Omprokash},
  journal={arXiv preprint arXiv:1808.02102},
  year={2018}
}

@article{schwede2010globally,
  title={Globally {$F$}-regular and log Fano varieties},
  author={Schwede, Karl and Smith, Karen E},
  journal={Advances in Mathematics},
  volume={224},
  number={3},
  pages={863--894},
  year={2010},
  publisher={Elsevier}
}

@article{das2015f,
  title={The {$ F $}-different and a canonical bundle formula},
  author={Das, Omprokash and Schwede, Karl},
  journal={arXiv preprint arXiv:1508.07295},
  year={2015}
}

@article{alexeev1994boundedness,
  title={Boundedness and {$K^{2}$} for log surfaces},
  author={Alexeev, Valery},
  journal={arXiv preprint alg-geom/9402007},
  year={1994}
}

@article{cumino1986axiomatic,
  title={An axiomatic approach to the second theorem of Bertini},
  author={Cumino, Caterina and Greco, Silvio and Manaresi, Mirella},
  journal={Journal of Algebra},
  volume={98},
  number={1},
  pages={171--182},
  year={1986},
  publisher={Academic Press}
}

@article{schwede2010f,
  title={{$ F $}-singularities and Frobenius splitting notes},
  author={Schwede, Karl},
  journal={lecture notes, University of Utah},
  year={2010}
}

@incollection{blickle2013p,
  title={$p^{-1}$-linear maps in algebra and geometry},
  author={Blickle, Manuel and Schwede, Karl},
  booktitle={Commutative algebra},
  pages={123--205},
  year={2013},
  publisher={Springer}
}


@article{sarkisov1983conic,
  title={On conic bundle structures},
  author={Sarkisov, VG},
  journal={Mathematics of the USSR-Izvestiya},
  volume={20},
  number={2},
  pages={355},
  year={1983},
  publisher={IOP Publishing}
}

@article{witaszek2015effective,
  title={Effective bounds on singular surfaces in positive characteristic},
  author={Witaszek, Jakub},
  journal={arXiv preprint arXiv:1510.08885},
  year={2015}
}

@article{cascini2017log,
  title={On log del Pezzo surfaces in large characteristic},
  author={Cascini, Paolo and Tanaka, Hiromu and Witaszek, Jakub},
  journal={Compositio Mathematica},
  volume={153},
  number={4},
  pages={820--850},
  year={2017},
  publisher={London Mathematical Society}
}

@article{jiang2014boundedness,
  title={Boundedness of anti-canonical volumes of singular log Fano threefolds},
  author={Jiang, Chen},
  journal={arXiv preprint arXiv:1411.6728},
  year={2014}
}

@article{gongyo2015rational,
  title={On rational connectedness of globally F-regular threefolds},
  author={Gongyo, Yoshinori and Li, Zhiyuan and Patakfalvi, Zsolt and Schwede, Karl and Tanaka, Hiromu and Zong, Runhong},
  journal={Advances in Mathematics},
  volume={280},
  pages={47--78},
  year={2015},
  publisher={Elsevier}
}

@article{birkar2016singularities,
  title={Singularities of linear systems and boundedness of Fano varieties},
  author={Birkar, Caucher},
  journal={arXiv preprint arXiv:1609.05543},
  year={2016}
}

@article{kovacs2017rational,
  title={Rational singularities},
  author={Kov{\'a}cs, S{\'a}ndor J},
  journal={arXiv preprint arXiv:1703.02269},
  year={2017}
}

@article{chen2018birational,
  title={Birational boundedness of rationally connected Calabi-Yau 3-folds},
  author={Chen, Weichung and Di Cerbo, Gabriele and Han, Jingjun and Jiang, Chen and Svaldi, Roberto},
  journal={arXiv preprint arXiv:1804.09127},
  year={2018}
}

@article{mckernan2003threefold,
  title={Threefold thresholds},
  author={McKernan, James and Prokhorov, Yuri},
  journal={arXiv preprint math/0304152},
  year={2003}
}

@article{hacon2017rationality,
  title={On the rationality of Kawamata log terminal singularities in positive characteristic},
  author={Hacon, Christopher and Witaszek, Jakub},
  journal={arXiv preprint arXiv:1706.03204},
  year={2017}
}

@article{patakfalvi2019beauville,
  title={On the {B}eauville--{B}ogomolov decomposition in characteristic $ p \geq 0$},
  author={Patakfalvi, Zsolt and Zdanowicz, Maciej},
  journal={arXiv preprint arXiv:1912.12742},
  year={2019}
}

@article{kollar1993effective,
  title={Effective base point freeness},
  author={Koll{\'a}r, J{\'a}nos},
  journal={Mathematische Annalen},
  volume={296},
  number={1},
  pages={595--605},
  year={1993},
  publisher={Springer}
}



@article{hacon2020relative,
  title={On the relative Minimal Model Program for fourfolds in positive and mixed characteristic},
  author={Hacon, Christopher and Witaszek, Jakub},
  journal={arXiv preprint arXiv:2009.02631},
  year={2020}
}

@article{birkar2016singularities,
  title={Singularities of linear systems and boundedness of {F}ano varieties},
  author={Birkar, Caucher},
  journal={arXiv preprint arXiv:1609.05543},
  year={2016}
}

@article{hacon2009sarkisov,
  title={The {S}arkisov program},
  author={Hacon, Christopher D and McKernan, James},
  journal={arXiv preprint arXiv:0905.0946},
  year={2009}
}

@article{fujino2007special,
  title={Special termination and reduction to pl flips},
  author={Fujino, Osamu},
  journal={Flips for 3-folds and 4-folds},
  pages={63--75},
  year={2007},
  publisher={Oxford Univ. Press}
}

@article{filipazzi2020connectedness,
  title={Connectedness principle in characteristic $ p> 5$},
  author={Filipazzi, Stefano and Waldron, Joe},
  journal={arXiv e-prints},
  pages={arXiv--2010},
  year={2020}
}

@article{arvidsson2020kawamata,
  title={On the {K}awamata-{V}iehweg vanishing for log del {P}ezzo surfaces in positive characteristic},
  author={Arvidsson, Emelie and Bernasconi, Fabio and Lacini, Justin},
  journal={arXiv preprint arXiv:2006.03571},
  year={2020}
}

@article{kunz1969characterizations,
  title={Characterizations of regular local rings of characteristic p},
  author={Kunz, Ernst},
  journal={American Journal of Mathematics},
  volume={91},
  number={3},
  pages={772--784},
  year={1969},
  publisher={JSTOR}
}

@article{das2019log,
  title={On the log minimal model program for $3 $-folds over imperfect fields of characteristic $ p> 5$},
  author={Das, Omprokash and Waldron, Joe},
  journal={arXiv preprint arXiv:1911.04394},
  year={2019}
}

@article{kollar2021resolution,
  title={Resolution and alteration with ample exceptional divisor},
  author={Koll{\'a}r, J{\'a}nos and Witaszek, Jakub},
  journal={arXiv preprint arXiv:2102.03162},
  year={2021}
}

@article{stigant2021mori,
  title={Mori Fibrations in Mixed Characteristic},
  author={Stigant, Liam},
  journal={arXiv preprint arXiv:2110.06067},
  year={2021}
}

@article{bernasconi2021abundance,
  title={Abundance theorem for threefolds in mixed characteristic},
  author={Bernasconi, Fabio and Brivio, Iacopo and Stigant, Liam},
  journal={arXiv preprint arXiv:2111.08970},
  year={2021}
}

@article{mumford1961topology,
  title={The topology of normal singularities of an algebraic surface and a criterion for simplicity},
  author={Mumford, David},
  journal={Publications Math{\'e}matiques de l'IH{\'E}S},
  volume={9},
  pages={5--22},
  year={1961}
}

@book{egbert2016log,
  title={Log minimal models for arithmetic threefolds},
  author={Egbert, Paul Andrew},
  year={2016},
  publisher={The University of Utah}
}

@article{stigant2020boundedness,
  title={On the Boundedness of Globally $ F $-split varieties},
  author={Stigant, Liam},
  journal={arXiv preprint arXiv:2008.08123},
  year={2020}
}

@article{birkar2017augmented,
  title={The augmented base locus of real divisors over arbitrary fields},
  author={Birkar, Caucher},
  journal={Mathematische Annalen},
  volume={368},
  number={3},
  pages={905--921},
  year={2017},
  publisher={Springer}
}

@book{eisenbud2006geometry,
  title={The geometry of schemes},
  author={Eisenbud, David and Harris, Joe},
  volume={197},
  year={2006},
  publisher={Springer Science \& Business Media}
}

@article{keeler2003ample,
  title={Ample filters of invertible sheaves},
  author={Keeler, Dennis S},
  journal={Journal of Algebra},
  volume={259},
  number={1},
  pages={243--283},
  year={2003},
  publisher={Elsevier}
}